<?xml version="1.0" encoding="UTF-8"?><record xmlns="http://www.loc.gov/MARC21/slim" xmlns:cinclude="http://apache.org/cocoon/include/1.0" xmlns:zs="http://www.loc.gov/zing/srw/">
  <leader>02100nz  a2200253n  4500</leader>
  <controlfield tag="001">no2014153344</controlfield>
  <controlfield tag="003">DLC</controlfield>
  <controlfield tag="005">20141120073538.0</controlfield>
  <controlfield tag="008">141119n| aznnnabbn          |a ana     c</controlfield>
  <datafield tag="010" ind1=" " ind2=" ">
    <subfield code="a">no2014153344</subfield>
  </datafield>
  <datafield tag="035" ind1=" " ind2=" ">
    <subfield code="a">(OCoLC)oca10019834</subfield>
  </datafield>
  <datafield tag="040" ind1=" " ind2=" ">
    <subfield code="a">WaU</subfield>
    <subfield code="b">eng</subfield>
    <subfield code="e">rda</subfield>
    <subfield code="c">WaU</subfield>
  </datafield>
  <datafield tag="043" ind1=" " ind2=" ">
    <subfield code="a">n-us-wa</subfield>
  </datafield>
  <datafield tag="151" ind1=" " ind2=" ">
    <subfield code="a">Grand Dalles (Wash.)</subfield>
  </datafield>
  <datafield tag="368" ind1=" " ind2=" ">
    <subfield code="b">Cities and towns</subfield>
    <subfield code="2">lcsh</subfield>
  </datafield>
  <datafield tag="370" ind1=" " ind2=" ">
    <subfield code="c">United States</subfield>
    <subfield code="e">Washington (State)</subfield>
    <subfield code="2">naf</subfield>
  </datafield>
  <datafield tag="451" ind1=" " ind2=" ">
    <subfield code="a">Grandalles (Wash.)</subfield>
  </datafield>
  <datafield tag="551" ind1=" " ind2=" ">
    <subfield code="w">a</subfield>
    <subfield code="a">North Dalles (Wash.)</subfield>
  </datafield>
  <datafield tag="551" ind1=" " ind2=" ">
    <subfield code="w">b</subfield>
    <subfield code="a">Dallesport (Wash.)</subfield>
  </datafield>
  <datafield tag="667" ind1=" " ind2=" ">
    <subfield code="a">SUBJECT USAGE: This heading is not valid for use as a subject. Works about this place are entered under Dallesport (Wash.).</subfield>
  </datafield>
  <datafield tag="670" ind1=" " ind2=" ">
    <subfield code="a">Grand Dalles and Grand Dalles Orchard Tracts, 1910?:</subfield>
    <subfield code="b">cover (Grand Dalles, Washington)</subfield>
  </datafield>
  <datafield tag="670" ind1=" " ind2=" ">
    <subfield code="a">GNIS, November 19, 2014</subfield>
    <subfield code="b">(Dallesport, Klickitat County, Washington; populated place that is also a census designated place with the same name; variants: Dalles Port, Grand Dalles, Grandalles, North Dalles, Northdalles)</subfield>
  </datafield>
  <datafield tag="670" ind1=" " ind2=" ">
    <subfield code="a">Washington place names, via WWW, November 19, 2014</subfield>
    <subfield code="b">(Dallesport is a town on north bank of the Columbia River opposite The Dalles, Oregon, in southwest Klickitat County. It was once of considerable importance, and the county seat of Klickitat County. In 1891, it was boomed by the Rev. Orson D. Taylor, a Baptist missionary, but later failed. Several names were given to the place in earlier days, including Rockland [no access points in OCLC], Grand Dalles, and North Dalles)</subfield>
  </datafield>
  <datafield tag="670" ind1=" " ind2=" ">
    <subfield code="a">Grand Dalles, Washington, via Ancestry.com, viewed November 19, 2014</subfield>
    <subfield code="b">(Grand Dalles, Washington, was an illusion that arose from the sand dunes and rock piles along the north bank of the Columbia River directly opposite The Dalles, Oregon, in 1890. Although several hundred city lots were sold and a number of business and manufacturing companies were formed to engage in business there, the "city" existed only on paper and in the fertile mind of its chief promoter, O.D. Taylor; the new city which was originally named North Dalles)</subfield>
    <subfield code="u">http://homepages.rootsweb.ancestry.com/~westklic/gdwash.html</subfield>
  </datafield>
</record>